LDR  01025cam  2200217 i 4500
003  CStRLIN
005  20040617154100.0
008  700725m19561957njua     e    001 0 eng  
010       $a    56007907 /r57
040       $d CULbl
050  0    $a HF5635 $b .E54
082       $a 657.5*
090       $a HF5635 $b .E54
245  00   $a Encyclopedia of accounting systems / $c edited by Robert I. Williams and Lillian Doris.
260       $a Englewood Cliffs, N.J. : $b Prentice-Hall, $c 1956-57.
300       $a 5 v. : $b ill. ; $c 25 cm.
500       $a CUBL:  NO INPUT 001, SOURCE CAN'T BE DETERMINED - REJECT (09/04).
650   0   $a Accounting.
700  1    $a Williams, Robert I.
700  1    $a Doris, Lillian.
852       $a CUBL $b RR $h HF5635 $i .E54 $x c.1 v.1 7226752 L05722. 11.61. wd stat. rept. 1/22/91 lc $x c.1 v.2 7226753 L05722. 11.61. wd stat. rept. 1/22/91 lc $x c.1 v.3 7226754 L05722. 11.61. wd stat. rept. 1/22/91 lc $x c.1 v.4 7226755 L05722. 11.61. wd stat. rept. 1/22/91 lc $x c.1 v.5 7226756 L05722. 11.62. wd stat. rept. 1/22/91 lc $x OID=LC $z Library has: v.1; v.2; v.3; v.4; v.5

Record 3
