LDR  01332cam  2200277   4500
001  XUBL05-B14077
003  CStRLIN
005  20051107074015.0
008  051028s2004    gw       mb   000 0 ger  
020       $a 3631519745 (pbk.) : $c EUR45.50
040       $a GyWOH $b eng $c GyWOH $d CUL
043       $a e-gx---
050   4   $a KKB1852.9.A74 $b F54 2004
090       $a KKB1852.9.A74 $b F54 2004
100  1    $a Fiedler, Britta Carla, $d 1965-
245  14   $a Der rheinbayerische Kassationsgerichtshof von seiner Errichtung bis zur Verlegung an das Oberappellationsgericht zu Mèunchen / $c Britta Carla Fiedler.
260       $a Frankfurt am Main : $b Peter Lang, $c 2004.
300       $a 244 p. ; $c 21 cm.
490  1    $a Europèaische Hochschulschriften. Reihe 2, Rechtswissenschaft ; $v Bd. 3833 = $a Publications universitaires Europeennes. Series II, Droit ; $v Bd. 3833 = $a European university studies. Series II, Law ; $v Bd. 3833, $x 0531-7312
500       $a CUBL:  001 DOES NOT BEGIN WITH VALID LI CODE - REJECT (11/05).
504       $a Includes bibliographical references (p. 228-241).
650   0   $a Appellate courts $z Germany $z Bavaria $x History.
650   0   $a Justice, Administration of $z Germany $z Bavaria $x History.
830   0   $a Europèaische Hochulschriften. $n Reihe II, $p Rechtswissenschaft ; $v Bd. 3833.
852  0    $a CUL $b STA $t 1 $h KKB1852.9.A74 $i F54 2004 $x CIN=aim
907       $a .o2837432

Record 4
