LDR  01334nam  2200301 a 4500
001  CUBL05-B443
003  CStRLIN
005  20050127160803.0
008  050127s2000    un       b    000 0 ukrod
020       $a 9660212925
040       $a ICU $c ICU $d CU $d CUL
043       $a e-un---
050   4   $a KKY2070 $b .K65 2000
090       $a KE4912.2 $b .2000
245  00   $a Konstytuëtìsiëiìa nezaleëzìhnoèi Ukraèiny : $b dopushcheno Ministerstvom osvity Ukraèiny navchal§nyæi posibnyk dlëiìa studentiv ëiìurydychnykh speëtìsial§nosteæi vyshchykh zakladiv osvity / $c za redakëtìsiëiìeëiìu V.F. Pohorilka, ëIìU.S. Shemshuchenka, V.O. ëIìEvdokymova.
260       $a Kyèiv : $b Naëtìsional§na akademiëiìa nauk Ukraèiny Instytut derëzìhava i prava im. V.M. Koreëtìs§koho : $b Spilka ëiìuristiv Ukraèiny, $c 2000.
300       $a 424 p. ; $c 20 cm.
500       $a CUBL:  ONLY 852 DOES NOT HAVE A SUBFLD b, NO LOCATION CODE - REJECT (02/05).
504       $a Includes bibliographical references.
610  10   $a Ukraine. $t Konstytuëtìsiëiìa (1996)
650   0   $a Constitutional law $z Ukraine.
650   0   $a Constitutional history $z Ukraine.
700  1    $a ëIìEvdokymov, V. O.
700  1    $a Shemshuchenko, ëIìUriæi Serhiæiovych.
700  1    $a Pohorilko, V. F.
710  2    $a Spilka ëiìurystiv Ukraèiny.
710  2    $a Instytut derëzìhavy i prava im. V.M. Koreëtìs§koho.
901       $a CUBL $b 05-B443

